@article{Article2024,
  author  = {Author},
  title   = {Sample Article Title},
  journal = {Journal of Samples},
  year    = {2024},
  volume  = {10},
  number  = {2},
  pages   = {123-145}
}

@book{Book2024,
  author    = {Author},
  title     = {Sample Book Title},
  publisher = {Publisher Name},
  year      = {2024},
  address   = {Publisher Address},
  edition   = {2nd}
}

@online{Website2024,
  author  = {Author},
  title   = {Sample Webpage Title},
  year    = {2021},
  url     = {http://www.example.com},
  urldate = {2024-07-22}
}

@inproceedings{Inproceeding2024,
  author       = {Author},
  title        = {Sample Conference Paper Title},
  booktitle    = {Proceedings of the Sample Conference},
  year         = {2024},
  editor       = {Editor Name},
  volume       = {1},
  series       = {Series Name},
  pages        = {45-60},
  address      = {Conference Address},
  month        = {7},
  organization = {Conference Organization}
}
